@book{wachter_angewandter_2017,
	location = {Wiesbaden},
	title = {Angewandter Festigkeitsnachweis nach {FKM}-Richtlinie},
	isbn = {978-3-658-17458-3 978-3-658-17459-0},
	url = {http://link.springer.com/10.1007/978-3-658-17459-0},
	publisher = {Springer Fachmedien Wiesbaden},
	author = {Wächter, Michael and Müller, Christian and Esderts, Alfons},
	urldate = {2020-06-24},
	date = {2017},
	langid = {german},
	doi = {10.1007/978-3-658-17459-0},
}

@book{kurz_konstruieren_nodate,
	edition = {3},
	title = {Konstruieren, Gestalten, Entwerfen},
	isbn = {978-3-528-23841-4},
	publisher = {Vieweg},
	author = {Kurz, Ulrich and Hintzen, Hans and Laufenberg, Hans},
}

@book{koller_prinziplosungen_1998,
	edition = {2},
	title = {Prinziplösungen zur Konstruktion technischer Produkte},
	isbn = {978-3-642-63712-4},
	publisher = {Springer},
	author = {Koller, Rudolf and Kastrup, Norbert},
	date = {1998},
}

@book{schurmann_konstruieren_2007,
	edition = {2},
	title = {Konstruieren mit Faser-Kunststoff-Verbunden},
	isbn = {3-540-40283-7},
	url = {http://link.springer.com/10.1007/b137636},
	abstract = {Das Buch führt umfassend in das Fachgebiet ein. Es behandelt Werkstoffkunde, Elastostatik, Festigkeitslehre, Entwurfsmethoden und Verbindungstechniken. Im Vordergrund stehen die Verfahren zur Dimensionierung, die wichtigsten Konstruktionsprinzipien und die Berechnung hoch belastbarer Faserverbundstrukturen. Der Autor leitet wichtige Beziehungen her, die man eigenen Untersuchungen zugrunde legen kann. Die 2. Auflage bietet detaillierte Abbildungen und Übungen und ist ergänzt um Regeln zur Gestaltung von {FKV}-Strukturen und ein Kapitel zu besonderen konstruktiven Lösungen. Plus: aktuelle Festigkeitswerte, neue Hinweise auf optimale Laminate.},
	publisher = {Springer},
	author = {Schürmann, Helmut},
	date = {2007},
	pmid = {25052830},
	eprinttype = {arxiv},
	eprint = {1011.1669v3},
	doi = {10.1007/b137636},
	note = {{ISSN}: 1090-0268},
}

@book{rosato_designing_1991,
	title = {Designing with plastics and composites},
	isbn = {978-1-4615-9725-4},
	publisher = {Springer},
	author = {Rosato, Donald},
	date = {1991},
	keywords = {engineering design, Konstruktion, plastic},
}

@book{ForschungskuratoriumMaschinenbau2014RFfM,
	location = {Frankfurt am Main},
	edition = {6},
	title = {Rechnerischer Festigkeitsnachweis für Maschinenbauteile aus Stahl, Eisenguss- und Aluminiumwerkstoffen},
	isbn = {978-3-8163-0605-4},
	series = {{FKM}-Richtlinie},
	publisher = {{VDMA} Verlag},
	author = {{Forschungskuratorium Maschinenbau}},
	date = {2014},
	keywords = {{MASCHINENELEMENTE} ({MASCHINENBAU}): 621-2},
}